%第一次查重后补充
@mastersthesis{邵志强2015跨媒体检索平台,
  title={跨媒体检索平台},
  author={邵志强},
  year={2015},
  school={山东师范大学}
}
@online{heartbeat配置说明,
  author =      {{百度文库}},
  title =       {{Heartbeat}配置说明},
  citedate =    {2012-09-23},
  url =         {http://wenku.baidu.com/view/101c9ac3d5bbfd0a795673df.html},
}
@article{梁宇2014基于,
  title={基于 {OpenStack} 资源监控系统},
  author={梁宇 and 杨海波 and 李鸿彬 and 兰国亮},
  journal={计算机系统应用},
  volume={23},
  number={4},
  pages={44--47},
  year={2014}
}
@mastersthesis{秦金2013分布式,
  title={分布式 {MySQL} 副本控制的研究与实现},
  author={秦金},
  year={2013},
  school={北京邮电大学}
}
@online{负载均衡计算机,
  author =      {互联网文档资源},
  title =       {负载均衡 (计算机)},
  citedate =    {2015-07-22},
  url =         {http://www.360doc.com/content/14/0912/14/15077656_408909322.shtml},
}
@online{Tomcat性能调优,
  author =      {HuaYing},
  title =       {{Tomcat}性能调优},
  citedate =    {2012-10-06},
  url =         {http://blog.sina.com.cn/s/blog_417b97470100glmi.html},
}
@misc{王川2009农业机械装备信息管理系统的设计和研究,
  title={农业机械装备信息管理系统的设计和研究},
  author={王川},
  year={2009},
  publisher={安徽农业大学}
}
%摘要
@article{李梦2016基于前端的,
  title={基于前端的 {WEB} 优化设计},
  author={李梦 and 江山 and 黄幸 and 安立鹏},
  journal={电子设计工程},
  volume={24},
  number={9},
  pages={78--80},
  year={2016}
}
%第一章引言
@phdthesis{魏璞2008web,
  title={{Web} 优化的研究及其应用},
  author={魏璞},
  year={2008},
  school={北京: 北京邮电大学}
}
@article{贺海梁2012基于,
  title={基于 {REST} 的面向资源 {Web} 应用架构参考模型},
  author={贺海梁 and 袁玉宇},
  journal={软件},
  volume={33},
  number={11},
  pages={59--63},
  year={2012}
}
@article{张2010基于,
  title={基于 {Spring} 的 {MVC} 框架设计与实现},
  author={张 宇 and 王映辉 and 张翔南},
  journal={计算机工程},
  volume={36},
  number={4},
  pages={59--62},
  year={2010}
}
%WEB开发
@inproceedings{suzumura2008performance,
  title={Performance comparison of web service engines in php, java and c},
  author={Suzumura, Toyotaro and Trent, Scott and Tatsubori, Michiaki and Tozawa, Akihiko and Onodera, Tamiya},
  booktitle={Web Services, 2008. ICWS'08. IEEE International Conference on},
  pages={385--392},
  year={2008},
  organization={IEEE}
}
@book{卫琴2009tomcat,
  title={{Tomcat} 与 {Java Web} 开发技术详解},
  author={卫琴},
  year={2009},
  publisher={电子工业出版社}
}
@article{byous1998java,
  title={Java technology: The early years},
  author={Byous, Jon},
  journal={Sun Developer Network},
  year={1998}
}
@Misc{java维基百科,
howpublished = {\url{https://zh.wikipedia.org/wiki/Java}},
note = {Accessed January 6, 2017},
title = {Java},
author = {wikipedia}
}
@article{罗涛2013浅谈,
  title={浅谈 {Java} 语言的特征与发展前景},
  author={罗涛},
  journal={科技致富向导},
  number={15},
  pages={77--77},
  year={2013}
}
@mastersthesis{林薇2015基于,
  title={基于 {Spring MVC} 架构的数据同步系统的设计与实现},
  author={林薇},
  year={2015},
  school={吉林大学}
}
@inproceedings{jemerov2008implementing,
  title={Implementing refactorings in IntelliJ IDEA},
  author={Jemerov, Dmitry},
  booktitle={Proceedings of the 2nd Workshop on Refactoring Tools},
  pages={13},
  year={2008},
  organization={ACM}
}
@Misc{IDEA维基百科,
howpublished = {\url{https://zh.wikipedia.org/wiki/IntelliJ_IDEA}},
note = {Accessed November 16, 2017},
title = {IntelliJ IDEA},
author = {wikipedia}
}
@book{brittain2007tomcat,
  title={Tomcat: The Definitive Guide: The Definitive Guide},
  author={Brittain, Jason and Darwin, Ian F},
  year={2007},
  publisher={" O'Reilly Media, Inc."}
}
@book{greenspan2001mysql,
  title={MySQL/PHP database applications},
  author={Greenspan, Jay and Bulger, Brad},
  year={2001},
  publisher={John Wiley \& Sons, Inc.}
}
@book{brown2012getting,
  title={Getting Started with Couchbase Server},
  author={Brown, Martin C},
  year={2012},
  publisher={" O'Reilly Media, Inc."}
}
@article{smart2005introduction,
  title={An introduction to Maven 2},
  author={Smart, John Ferguson and others},
  journal={JavaWorld Magazine. Available at: http://www. javaworld. com/javaworld/jw-12-2005/jw-1205-maven. html},
  year={2005}
}
@misc{kovacs2013cassandra,
  title={Cassandra vs MongoDB vs CouchDB vs Redis vs Riak vs HBase vs Couchbase vs Neo4j vs Hypertable vs ElasticSearch vs Accumulo vs VoltDB vs Scalaris comparison},
  author={Kov{\'a}cs, Krist{\'o}f},
  year={2013},
  publisher={Online June}
}
@article{李守振2006web,
  title={{Web} 应用分层与开发框架设计研究},
  author={李守振 and 张南平 and 常国锋},
  journal={计算机工程},
  volume={32},
  number={22},
  pages={274--276},
  year={2006}
}
@article{高珺2015以持续集成方式进行系统自动化部署,
  title={以持续集成方式进行系统自动化部署},
  author={高珺},
  journal={华东师范大学学报: 自然科学版},
  number={B03},
  pages={373--377},
  year={2015}
}
@mastersthesis{王宁2014基于,
  title={基于 {Jenkins} 的持续集成系统的设计与实现},
  author={王宁},
  year={2014},
  school={北京邮电大学}
}
@mastersthesis{赵亚楠2013基于,
  title={基于 {Jenkins} 的企业持续集成系统的设计与实现},
  author={赵亚楠},
  year={2013},
  school={西安电子科技大学}
}
@article{赵杰昌2014基于,
  title={基于 {Jenkins} 构建持续集成系统},
  author={赵杰昌 and 张良宇},
  journal={电脑编程技巧与维护},
  number={9},
  pages={9--10},
  year={2014}
}
@article{董晓光2014使用,
  title={使用 {Maven} 构建 {JAVA} 项目},
  author={董晓光 and 喻涛},
  journal={电子技术与软件工程},
  number={10},
  pages={105--105},
  year={2014}
}
@inproceedings{mileva2009mining,
  title={Mining trends of library usage},
  author={Mileva, Yana Momchilova and Dallmeier, Valentin and Burger, Martin and Zeller, Andreas},
  booktitle={Proceedings of the joint international and annual ERCIM workshops on Principles of software evolution (IWPSE) and software evolution (Evol) workshops},
  pages={57--62},
  year={2009},
  organization={ACM}
}
%性能优化
@book{brown2012getting,
  title={Getting Started with Couchbase Server: Extreme Scalability at Your Fingertips},
  author={Brown, Martin C},
  year={2012},
  publisher={" O'Reilly Media, Inc."}
}

@book{brown2013developing,
  title={Developing with Couchbase Server},
  author={Brown, Martin C},
  year={2013},
  publisher={O'Reilly}
}

@incollection{vukotic2011embedding,
  title={Embedding Tomcat},
  author={Vukotic, Aleksa and Goodwill, James},
  booktitle={Apache Tomcat 7},
  pages={175--184},
  year={2011},
  publisher={Springer}
}

@article{merkel2014docker,
  title={Docker: lightweight linux containers for consistent development and deployment},
  author={Merkel, Dirk},
  journal={Linux Journal},
  volume={2014},
  number={239},
  pages={2},
  year={2014},
  publisher={Belltown Media}
}

@article{fink2014docker,
  title={Docker: a software as a service, operating system-level virtualization framework},
  author={Fink, John},
  journal={Code4Lib Journal},
  volume={25},
  year={2014}
}

@article{chamberlain2014using,
  title={Using Docker to support reproducible research},
  author={Chamberlain, Ryan and Schommer, Jennifer},
  journal={DOI: http://dx. doi. org/10.6084/m9. figshare},
  volume={1101910},
  year={2014}
}

@inproceedings{kritikos2014srl,
  title={SRL: A scalability rule language for multi-cloud environments},
  author={Kritikos, Kyriakos and Domaschka, J{\"o}rg and Rossini, Alessandro},
  booktitle={Cloud Computing Technology and Science (CloudCom), 2014 IEEE 6th International Conference on},
  pages={1--9},
  year={2014},
  organization={IEEE}
}
@phdthesis{蒋文旭2012大型高并发,
  title={大型高并发 {Web} 应用系统架构分析与设计},
  author={蒋文旭 and 辛阳},
  year={2012},
  school={北京: 北京邮电大学}
}
@incollection{vukotic2011securing,
  title={Securing Tomcat with SSL},
  author={Vukotic, Aleksa and Goodwill, James},
  booktitle={Apache Tomcat 7},
  pages={141--154},
  year={2011},
  publisher={Springer}
}

@article{刘熙2016基于,
  title={基于 {Docker} 容器的 {Web} 集群设计与实现},
  author={刘熙 and 胡志勇},
  journal={电子设计工程},
  volume={24},
  number={8},
  pages={117--119},
  year={2016}
}

@article{刘斌2011基于,
  title={基于 {Linux} 虚拟服务器的负载均衡算法},
  author={刘斌 and 徐精明 and 代素环 and 葛华},
  journal={计算机工程},
  volume={37},
  number={23},
  pages={279--281},
  year={2011}
}

@misc{wei2010system,
  title={System and method for performance acceleration, data protection, disaster recovery and on-demand scaling of computer applications},
  author={Wei, Coach},
  year={2010},
  month=mar # "~4",
  publisher={Google Patents},
  note={US Patent App. 12/717,297}
}

@article{王霜2004web,
  title={{Web} 服务器集群的负载均衡算法研究},
  author={王霜 and 修保新 and 肖卫东},
  journal={计算机工程与应用},
  volume={40},
  number={25},
  pages={78--80},
  year={2004}
}
@article{张2010基于,
  title={基于 {Spring} 的 {MVC} 框架设计与实现},
  author={张 宇 and 王映辉 and 张翔南},
  journal={计算机工程},
  volume={36},
  number={4},
  pages={59--62},
  year={2010}
}
@article{薛峰2012基于,
  title={基于 {Spring MVC} 框架的 {Web} 研究与应用},
  author={薛峰 and 梁锋 and 徐书勋 and 王彪任},
  journal={合肥工業大學學報 (自然科學版)},
  volume={35},
  number={3},
  pages={337--340},
  year={2012},
  publisher={合肥工業大學學報自然科學版編輯部}
}
@mastersthesis{林薇2015基于,
  title={基于 {Spring MVC} 架构的数据同步系统的设计与实现},
  author={林薇},
  year={2015},
  school={吉林大学}
}
@article{贺海梁2012基于,
  title={基于 {REST} 的面向资源 {Web} 应用架构参考模型},
  author={贺海梁 and 袁玉宇},
  journal={软件},
  volume={33},
  number={11},
  pages={59--63},
  year={2012}
}
@phdthesis{curtis2016aspectj,
  title={An AspectJ Logging Framework for Java Web Applications},
  author={Curtis, James J},
  year={2016},
  school={Rochester Institute of Technology}
}

@mastersthesis{杨宝林2015基于,
  title={基于 {Java Web} 的学生成绩信息管理系统},
  author={杨宝林},
  year={2015},
  school={吉林大学}
}

@mastersthesis{sainamthip2013web,
  title={{Web} 服务器性能测试研究},
  author={Sainamthip, BOUTAH},
  year={2013},
  school={昆明理工大学}
}

@article{陈峻青2003基于,
  title={基于 {JAVA} 的 {Web} 服务器端的研究与实现},
  author={陈峻青 and 傅婷婷},
  journal={杭州电子工业学院学报},
  volume={23},
  number={4},
  pages={56--60},
  year={2003}
}

@inproceedings{fruhwirt2010innodb,
  title={Innodb database forensics},
  author={Fr{\"u}hwirt, Peter and Huber, Marcus and Mulazzani, Martin and Weippl, Edgar R},
  booktitle={Advanced Information Networking and Applications (AINA), 2010 24th IEEE International Conference on},
  pages={1028--1036},
  year={2010},
  organization={IEEE}
}

@phdthesis{刘腾2011mysql,
  title={{MySQL} 复制技术的研究与改进},
  author={刘腾},
  year={2011},
  school={浙江大学}
}

@article{胡雯2012mysql,
  title={{MySQL} 数据库存储引擎探析},
  author={胡雯 and 李燕},
  journal={软件导刊},
  volume={11},
  number={12},
  pages={129--131},
  year={2012}
}

@book{schwartz2012high,
  title={High performance MySQL: optimization, backups, and replication},
  author={Schwartz, Baron and Zaitsev, Peter and Tkachenko, Vadim},
  year={2012},
  publisher={" O'Reilly Media, Inc."}
}

@article{巩天宁2012基于,
  title={基于 {DRBD} 的 {Linux} 高可用集群},
  author={巩天宁 and 周书明},
  journal={电脑与信息技术},
  volume={20},
  number={1},
  pages={63--65},
  year={2012}
}

@phdthesis{郭绪晶2012服务器集群系统高可用模块设计与实现,
  title={服务器集群系统高可用模块设计与实现},
  author={郭绪晶},
  year={2012},
  school={万方数据资源系统}
}

@article{顾治华2006mysql,
  title={{MySQL} 存储引擎与数据库性能},
  author={顾治华 and 忽朝俭},
  journal={计算机时代},
  number={10},
  pages={8--10},
  year={2006}
}

@article{刘进京2016mysql,
  title={{MySQL} 主从复制读写分离},
  author={刘进京},
  journal={网络安全和信息化},
  number={8},
  pages={64--69},
  year={2016}
}

@mastersthesis{朱振2013基于,
  title={基于 {MySQL} 复制改进的多主复制数据库扩展实现},
  author={朱振},
  year={2013},
  school={万方数据资源系统}
}

@article{刘雄辉2007服务器监控管理,
  title={服务器监控管理},
  author={刘雄辉},
  journal={网管员世界},
  number={23},
  pages={75--77},
  year={2007}
}
@article{陈泰伟2007基于短信平台的服务器监控系统关键技术探讨,
  title={基于短信平台的服务器监控系统关键技术探讨},
  author={陈泰伟 and 周振柳 and 刘宝旭},
  journal={核電子學與探測技術},
  volume={27},
  number={6},
  pages={1050--1053},
  year={2007},
  publisher={核電子學與探測技術編輯部}
}
@phdthesis{黄洲2011apache,
  title={{Apache-Tomcat} 服务器集群管理系统的设计与实现},
  author={黄洲},
  year={2011},
  school={武汉: 华中科技大学}
}
@article{reese2008nginx,
  title={Nginx: the high-performance web server and reverse proxy},
  author={Reese, Will},
  journal={Linux Journal},
  volume={2008},
  number={173},
  pages={2},
  year={2008},
  publisher={Belltown Media}
}
@article{高飞2014docker,
  title={{Docker} 容器资源管控配置实战},
  author={高飞 and 李勇},
  journal={程序员},
  number={9},
  pages={96--101},
  year={2014}
}
% 未引用
% 之前的参考
@book{IEEE-1363,
  author =       {{IEEE Std 1363-2000}},
  title =        {{IEEE} Standard Specifications for Public-Key Cryptography},
  address =      {New York},
  publisher =    {IEEE},
  year =         2000
}

@inproceedings{kocher99,
  author =       {C. Kocher and J. Jaffe and B. Jun},
  title =        {Differential Power Analysis},
  editor =       {M. Wiener},
  booktitle =    {Advances in Cryptology ({CRYPTO}~'99)},
  series =       {Lecture Notes in Computer Science},
  volume =       1666,
  pages =        {388-397},
  publisher =    {Springer-Verlag},
  month =        {August},
  year =         1999
}

@incollection{Krasnogor2004e,
  author =       {N. Krasnogor},
  title =        {Towards robust memetic algorithms},
  booktitle =    {Recent Advances in Memetic Algorithms},
  publisher =    {Springer Berlin Heidelberg},
  year =         2004,
  pages =        {185-207},
  editor =       {W.E. Hart and N. Krasnogor and J.E. Smith},
  volume =       166,
  series =       {Studies in Fuzziness and Soft Computing},
  address =      {New York},
}

@incollection{zjsw,
  author =       {班固},
  title =        {苏武传},
  booktitle =    {传记散文英华},
  publisher =    {湖北人民出版社},
  year =         1998,
  pages =        {65-69},
  editor =       {郑在瀛 and 汪超宏 and 周文复},
  volume =       2,
  series =       {新古文观止丛书},
  address =      {武汉},
  lang =         {zh},
}

@inbook{clzs,
  author =       {阎真},
  title =        {沧浪之水},
  chapter =      {大人物还是讲人情的},
  pages =        {185-207},
  publisher =    {人民文学出版社},
  year =         2001,
  lang =         {zh},
}

@book{tex,
  author =       "Donald E. Knuth",
  title =        "The {\TeX} Book",
  publisher =    "Addison-Wesley Publishing Company",
  address =      "Reading, MA",
  year =         1989,
  edition =      "15th",
}

@book{companion,
  author =       "Michel Goosens and Frank Mittelbach and Alexander Samarin",
  title =        "The {\LaTeX} Companion",
  publisher =    "Addison-Wesley Publishing Company",
  address =      "Reading, MA",
  PAGES =        "112--125",
  year =         1994,
}

@article{ELIDRISSI94,
  author =       "{Chafik El Idrissi}, M. and {Roney}, A. and {Frigon}, C. and
                  {Larzilli{\`e}re}, M.",
  title =        "Measurements of total kinetic-energy released to the {$N=2$}
                  dissociation limit of {H}$_2$ --- evidence of the dissociation
                  of very high vibrational {R}ydberg states of {H}$_2$ by
                  doubly-excited states",
  journal =      "Chemical Physics Letters",
  pages =        "260-266",
  volume =       224,
  number =       10,
  year =         1994,
}

@article{MELLINGER96,
  author =       "Mellinger, A. and Vidal, C. R. and Jungen, Ch.",
  title =        "Laser reduced fluorescence study of the carbon-monoxide nd
                  triplet {R}ydberg series-experimental results and multichannel
                  quantum-defect analysis",
  journal =      "J. Chem. Phys.",
  pages =        "8913-8921",
  volume =       104,
  number =       5,
  year =         1996,
}

@article{SHELL02,
  author =       "Michael Shell",
  title =        "How to Use the {IEEEtran \LaTeX} Class",
  journal =      "Journal of {\LaTeX} Class Files",
  year =         2002,
  volume =       12,
  number =       4,
  pages =        "100--120"
}

@TechReport{NPB2,
  title =        {The {NAS} Parallel Benchmarks 2.0},
  author =       {Alex Woo and David Bailey and Maurice Yarrow and Wijngaart
                  Wijngaart and Tim Harris and William Saphir},
  year =         1995,
  month =        dec # "~05",
  institution =  "The Pennsylvania State University CiteSeer Archives",
  url =          "http://www.nasa.org/"
}

@inproceedings{DPMG,
  author =       {Kim, Sangbum and Woo, Namyoon and Yeom, Heon Y. and Park,
                  Taesoon and Park, Hyoungwoo},
  title =        {Design and {I}mplementation of {D}ynamic {P}rocess
                  {M}anagement for {G}rid-enabled {MPICH}},
  booktitle =    {the 10th European PVM/MPI Users' Group Conference},
  year =         2003,
  address =      {Venice, Italy},
  month =        sep,
}

@inproceedings{cnproceed,
  author =       {王重阳 and 黄药师 and 欧阳峰 and 洪七公 and 段皇帝},
  title =        {武林高手从入门到精通},
  booktitle =    {第~$N$~次华山论剑},
  year =         2006,
  address =      {西安, 中国},
  month =        sep,
  lang =         "zh",
}

@article{cnarticle,
  author =       "贾宝玉 and 林黛玉 and 薛宝钗 and 贾探春",
  title =        "论刘姥姥食量大如牛之现实意义",
  journal =      "红楼梦杂谈",
  pages =        "260--266",
  volume =       224,
  year =         1800,
  lang =         "zh",
}

@mastersthesis{zhubajie,
  author =       {猪八戒},
  title =        {论流体食物的持久保存},
  school =       {广寒宫大学},
  year =         2005,
  address =      {北京},
  lang =         "zh",
}

@phdthesis{shaheshang,
  author =       {沙和尚},
  title =        {论流沙河的综合治理},
  school =       {清华大学},
  year =         2005,
  address =      {北京},
  lang =         "zh",
}

@mastersthesis{metamori2004,
  author =       {Ashwin Raju Jeyakumar},
  title =        {Metamori: A library for Incremental File Checkpointing},
  school =       {Virgina Tech},
  year =         2004,
  month =        jun # "~21",
  address =      {Blacksburg},
}

@phdthesis{FistSystem01,
  author =       "Erez Zadok",
  title =        "{FiST: A System for Stackable File System Code Generation}",
  year =         2001,
  month =        "May",
  school =       "Computer Science Department, Columbia University",
  address =      "USA"
}

@inbook{ColdSources,
  author =       {P. Gr{\"o}ning and L. Nilsson and P. Ruffieux and R.
                  Clergereaux and O. Gr{\"o}ning},
  title =        {Encyclopedia of Nanoscience and Nanotechnology},
  pages =        {547--579},
  publisher =    {American Scientific Publishers},
  year =         2004,
  volume =       1,
}

@online{chuban2001,
  author =      {萧钰},
  title =       {出版业信息化迈入快车道},
  modifydate =  {2001-12-19},
  citedate =    {2002-04-15},
  url =         {http://www.creader.com/news/200112190019.htm},
  lang =        {zh},
}

@online{oclc2000,
  author =      {{Online Computer Library Center, Inc.}},
  title =       {History of {OCLC}},
  citedate =    {2000-01-08},
  url =         {http://www.oclc.org/about/history/default.htm},
}
